@book{gk-tnro,
  title={Theorie und Numerik restringierter Optimierungsaufgaben},
  author={Geiger, Carl and Kanzow, Christian},
  year={2002},
  edition = {1},
  publisher={Springer-Verlag}
}

@Book{ae-ana1,
  author =	 {Herbert Amann and Joachim Escher},
  title =	 {Analysis I},
  publisher = {Birkh√§user},
  edition = {3},
  year =	 2006,
}

@Book{f-ir,
  author =	 {Reginald Ferber},
  title =	 {Information Retrieval},
  publisher = {dpunkt.verlag},
  edition = {1},
  year = 2003
}

@Book{sb-umlfta,
  author =	 {Shai Shalev-Shwartz and Shai Ben-David},
  title =	 {Understanding Machine Learning: From Theory to Algorithms},
  publisher =	 {Cambridge University Press},
  edition = {1},
  year = 2014
}

@InProceedings{j-tcsvmmf,
	author="Joachims, Thorsten",
	title="Text categorization with Support Vector Machines: Learning with many relevant features",
	booktitle="Machine Learning: ECML-98",
	year="1998",
	publisher="Springer Berlin Heidelberg",
	address="Berlin, Heidelberg",
	pages="137--142",
}

@article{hcl-ddms-08,
	author = {Hsieh, C.J. and Chang, Kai-Wei and Lin, C.J.},
	year = {2008},
	pages = {1369-1398},
	volume = {25},
	title = {A dual coordinate descent method for large-scale linear SVM},
	journal = {Proceedings of the Twenty-fifth International Conference on Machine Learning}
}

@article{hcl-pgsvc-16,
	author = {Hsu, C and Chang, C and Lin, C},
	year = {2008},
	pages = {1396-1400},
	title = {A practical guide to support vector classification},
	volume = {101},
	journal = {BJU International}
}

@article{hsu-comp-02,
  title={A comparison of methods for multiclass support vector machines},
  author={Hsu, Chih-Wei and Lin, Chih-Jen},
  journal={IEEE transactions on Neural Networks},
  volume={13},
  pages={415--425},
  year={2002},
  publisher={IEEE}
}

@article{chang-libsvm-11,
  title={LIBSVM: A library for support vector machines},
  author={Chang, Chih-Chung and Lin, Chih-Jen},
  journal={ACM transactions on intelligent systems and technology (TIST)},
  volume={2},
  pages={27},
  year={2011},
  publisher={Acm}
}

@article{fan-liblinear-08,
  title={LIBLINEAR: A library for large linear classification},
  author={Fan, Rong-En and Chang, Kai-Wei and Hsieh, Cho-Jui and Wang, Xiang-Rui and Lin, Chih-Jen},
  journal={Journal of machine learning research},
  volume={9},
  pages={1871--1874},
  year={2008}
}

@Article{lt-jota-92,
  title =	 {On the Convergence of the Coordinate Descent Method for Convex differentiable Minimization},
  volume =	 72,
  journal =	 {Journal of Optimization Theory and Applications},
  author =	 {Z. Q. Luo and P. Tseng},
  year =	 1992,
  pages =	 {306--320}
}

@inproceedings{bcc-unqu-2000,
  title={Uniqueness of the SVM solution},
  author={Burges, Christopher JC and Crisp, David J},
  booktitle={Advances in neural information processing systems},
  pages={223--229},
  year={2000}
}

@article{b-tut-1998,
  title={A tutorial on support vector machines for pattern recognition},
  author={Burges, Christopher JC},
  journal={Data mining and knowledge discovery},
  volume={2},
  pages={121--167},
  year={1998},
  publisher={Springer}
}

@book{g-af-09,
  title={Angewandte Funktionalanalysis},
  author={G{\"o}pfert, Alfred and Riedrich, Thomas and Tammer, Christiane},
  year={2009},
  publisher={Vieweg Teubner, Wiesbaden}
}

@online{sck-ir,
  author = {scikit-learn},
  title = {The Iris Dataset},
  url = {https://scikit-learn.org/stable/auto_examples/datasets/plot_iris_dataset.html},
  urldate = {2019-09-02}
}

@online{sck-ex-1,
  author = {scikit-learn},
  title = {Beispiel eines Klassifizierungsproblems},
  url = {https://scikit-learn.org/stable/auto_examples/exercises/plot_iris_exercise.html},
  urldate = {2019-09-02}
}
